<?xml version = "1.0" encoding = "UTF-8"?><record>
  <leader>00919nam#a2200289#cb4500</leader>
  <controlfield tag="005">20210409055551.0</controlfield>
  <controlfield tag="007">tu</controlfield>
  <controlfield tag="008">110425|1987####gw############|||#|#eng#c</controlfield>
  <controlfield tag="003">DE-605</controlfield>
  <controlfield tag="001">990186792840206441</controlfield>
  <datafield tag="016" ind1="7" ind2=" ">
    <subfield code="a">1074729477</subfield>
    <subfield code="2">OCoLC</subfield>
  </datafield>
  <datafield tag="035" ind1=" " ind2=" ">
    <subfield code="a">(DE-605)HT016791198</subfield>
  </datafield>
  <datafield tag="040" ind1=" " ind2=" ">
    <subfield code="a">Kn 41</subfield>
    <subfield code="b">ger</subfield>
    <subfield code="d">Kn 41</subfield>
    <subfield code="e">rakwb</subfield>
  </datafield>
  <datafield tag="041" ind1=" " ind2=" ">
    <subfield code="a">eng</subfield>
    <subfield code="a">fre</subfield>
    <subfield code="a">ita</subfield>
  </datafield>
  <datafield tag="044" ind1=" " ind2=" ">
    <subfield code="c">XA-DE</subfield>
  </datafield>
  <datafield tag="245" ind1="0" ind2="0">
    <subfield code="a">Leichtathletik, Segeln, Radsport, Ski</subfield>
    <subfield code="c">Gesamtverantwortung: Alfons Gerz ...</subfield>
  </datafield>
  <datafield tag="264" ind1=" " ind2="1">
    <subfield code="a">M&#252;nchen</subfield>
    <subfield code="b">ProSport Verl.</subfield>
    <subfield code="c">1987</subfield>
  </datafield>
  <datafield tag="300" ind1=" " ind2=" ">
    <subfield code="a">312 S. : &#252;berw. Ill.</subfield>
  </datafield>
  <datafield tag="490" ind1="1" ind2=" ">
    <subfield code="a">Sport Gala</subfield>
    <subfield code="v">&apos;87</subfield>
  </datafield>
  <datafield tag="546" ind1=" " ind2=" ">
    <subfield code="a">Beitr. teilw. dt., franz., ital.</subfield>
  </datafield>
  <datafield tag="700" ind1="1" ind2=" ">
    <subfield code="a">Gerz, Alfons</subfield>
    <subfield code="d">1913-1995</subfield>
    <subfield code="0">(DE-588)119134764</subfield>
    <subfield code="4">oth</subfield>
    <subfield code="e">Gesamtverantw.</subfield>
    <subfield code="0">(uri) https://portal.dnb.de/opac.htm?method=simpleSearch&amp;cqlMode=true&amp;query=idn=119134764</subfield>
    <subfield code="0">(uri) http://viaf.org/viaf/sourceID/DNB|119134764</subfield>
    <subfield code="B">GND-119134764</subfield>
  </datafield>
  <datafield tag="830" ind1=" " ind2="0">
    <subfield code="a">Sport Gala</subfield>
    <subfield code="w">(DE-605)HT003422154</subfield>
    <subfield code="v">1987</subfield>
    <subfield code="9">O:1</subfield>
  </datafield>
  <datafield tag="964" ind1="0" ind2="s">
    <subfield code="F">030</subfield>
    <subfield code="A">a|1uc||||||37</subfield>
  </datafield>
  <datafield tag="964" ind1="0" ind2="s">
    <subfield code="F">050</subfield>
    <subfield code="A">a|||||||||||||</subfield>
  </datafield>
  <datafield tag="964" ind1="0" ind2="s">
    <subfield code="F">051</subfield>
    <subfield code="A">s|||||||</subfield>
  </datafield>
  <datafield tag="035" ind1=" " ind2=" ">
    <subfield code="a">(OCoLC)1074729477</subfield>
    <subfield code="0">(uri) http://www.worldcat.org/oclc/1074729477</subfield>
  </datafield>
  <datafield tag="035" ind1=" " ind2=" ">
    <subfield code="a">(DE-599)HBZHT016791198</subfield>
  </datafield>
  <datafield tag="MBD" ind1=" " ind2=" ">
    <subfield code="M">49HBZ_NETWORK</subfield>
    <subfield code="i">990186792840206441</subfield>
    <subfield code="n">HBZ Network</subfield>
  </datafield>
  <datafield tag="MNG" ind1=" " ind2=" ">
    <subfield code="c">System</subfield>
    <subfield code="f">ILS</subfield>
    <subfield code="i">marc21</subfield>
    <subfield code="k">01</subfield>
    <subfield code="e">false</subfield>
    <subfield code="d">2021-04-09 05:55:51 Europe/Berlin</subfield>
    <subfield code="g">018679284-HBZ01</subfield>
    <subfield code="j">60</subfield>
    <subfield code="a">import</subfield>
    <subfield code="b">2021-04-05 22:34:31 Europe/Berlin</subfield>
  </datafield>
  <datafield tag="GSI" ind1="7" ind2=" ">
    <subfield code="a">http://d-nb.info/gnd/119134764</subfield>
    <subfield code="2">uri</subfield>
    <subfield code="A">GND</subfield>
    <subfield code="B">GND-119134764</subfield>
    <subfield code="C">024</subfield>
  </datafield>
</record>